<record><leader>00000cas a22000007a 4500</leader><controlfield tag="001">9926971</controlfield><controlfield tag="008">830920d18641884nyuwr ne      0    0eng d</controlfield><datafield ind1=" " ind2=" " tag="010"><subfield code="a">sn 83031624 </subfield></datafield><datafield ind1=" " ind2=" " tag="040"><subfield code="a">NPU</subfield><subfield code="b">eng</subfield><subfield code="c">NPU</subfield><subfield code="d">NPX</subfield><subfield code="d">NNX</subfield><subfield code="d">NYS</subfield><subfield code="d">OCL</subfield><subfield code="d">OCLCQ</subfield><subfield code="d">OCLCF</subfield></datafield><datafield ind1=" " ind2=" " tag="042"><subfield code="a">msc</subfield></datafield><datafield ind1=" " ind2=" " tag="043"><subfield code="a">n-us-ny</subfield></datafield><datafield ind1="0" ind2=" " tag="130"><subfield code="a">Camden journal (Camden, N.Y.)</subfield></datafield><datafield ind1="1" ind2="4" tag="245"><subfield code="a">The Camden journal.</subfield></datafield><datafield ind1=" " ind2=" " tag="260"><subfield code="a">Camden, N.Y. :</subfield><subfield code="b">Munger &amp; Becker</subfield></datafield><datafield ind1=" " ind2=" " tag="300"><subfield code="a">v. :</subfield><subfield code="b">ill. (chiefly advertisements) ;</subfield><subfield code="c">56-62 cm.</subfield></datafield><datafield ind1=" " ind2=" " tag="310"><subfield code="a">Weekly</subfield></datafield><datafield ind1="1" ind2=" " tag="362"><subfield code="a">Began in Mar. 1864? Ceased in Dec. 1884?</subfield></datafield><datafield ind1=" " ind2=" " tag="500"><subfield code="a">Publishers: Munger &amp; Becker, &lt;1866-1867&gt;; J.H. Munger, &lt;1868&gt; &lt;1873&gt;.</subfield></datafield><datafield ind1=" " ind2=" " tag="500"><subfield code="a">Editor: Jarius H. Munger, &lt;1875-1876&gt;.</subfield></datafield><datafield ind1=" " ind2=" " tag="588"><subfield code="a">Description based on: Vol. 3, no. 20, (Aug. 2, 1866).</subfield></datafield><datafield ind1=" " ind2="0" tag="651"><subfield code="a">Camden (N.Y.)</subfield><subfield code="v">Newspapers.</subfield></datafield><datafield ind1=" " ind2="7" tag="655"><subfield code="a">Newspapers.</subfield><subfield code="2">fast</subfield><subfield code="0">(OCoLC)fst01423814</subfield></datafield><datafield ind1=" " ind2="7" tag="651"><subfield code="a">New York (State)</subfield><subfield code="z">Camden.</subfield><subfield code="2">fast</subfield><subfield code="0">(OCoLC)fst01220523</subfield></datafield><datafield ind1=" " ind2=" " tag="752"><subfield code="a">United States</subfield><subfield code="b">New York</subfield><subfield code="c">Oneida</subfield><subfield code="d">Camden.</subfield></datafield><datafield ind1="0" ind2="7" tag="785"><subfield code="t">Camden advance</subfield><subfield code="w">(DLC)sn 85026184</subfield><subfield code="w">(OCoLC)12085557</subfield></datafield><datafield ind1="0" ind2="7" tag="785"><subfield code="t">Advance-journal (Camden, N.Y. : 1885)</subfield><subfield code="w">(DLC)sn 90066431</subfield><subfield code="w">(OCoLC)23071919</subfield></datafield></record>